% This file was created with Citavi 5.5.0.1

@misc{ibm.2017,
 author = {ibm},
 year = {2017},
 url = {https://developer.ibm.com/wasdev/blog/2017/09/01/microprofile-configuration-api-beta-liberty/},
 urldate = {16.01.2017}
}


@misc{LarsRowekamp.2017,
 author = {{Lars R{\"o}wekamp}},
 editor = {heisse},
 year = {2017},
 title = {MicroProfile unter der Lupe, Teil 1: Config API},
 url = {https://www.heise.de/developer/artikel/MicroProfile-unter-der-Lupe-Teil-1-Config-API-3928886.html},
 urldate = {01.01.2018}
}


@misc{LarsRowekamp.2017b,
 author = {{Lars R{\"o}wekamp}},
 year = {2017},
 url = {https://www.heise.de/developer/meldung/Java-MicroProfile-1-2-hat-vier-neue-APIs-an-Bord-3849320.html},
 urldate = {16.01.2018}
}


@misc{LarsRowekamp.2017c,
 author = {{Lars R{\"o}wekamp}},
 year = {2017},
 url = {https://www.heise.de/developer/meldung/Java-MicroProfile-1-2-hat-vier-neue-APIs-an-Bord-3849320.html},
 urldate = {16.01.2018}
}


@misc{Microprofile.2017,
 author = {Microprofile},
 year = {2017},
 url = {https://microprofile.io/blog/2017/10/eclipse-microprofile-1.2-available},
 urldate = {01.01.2018}
}


